<record><leader>00000cas a2200000 a 4500</leader><controlfield tag="001">31176931</controlfield><controlfield tag="007">hd afu---baca</controlfield><controlfield tag="008">940926d18891900nbuwr nea     0    0eng c</controlfield><datafield ind1=" " ind2=" " tag="010"><subfield code="a">sn 94056354 </subfield></datafield><datafield ind1=" " ind2=" " tag="040"><subfield code="a">NVG</subfield><subfield code="b">eng</subfield><subfield code="c">NVG</subfield><subfield code="d">OCLCQ</subfield><subfield code="d">OCLCF</subfield><subfield code="d">OCLCO</subfield></datafield><datafield ind1="1" ind2=" " tag="029"><subfield code="a">AU@</subfield><subfield code="b">000011305706</subfield></datafield><datafield ind1=" " ind2=" " tag="042"><subfield code="a">pcc</subfield></datafield><datafield ind1=" " ind2=" " tag="043"><subfield code="a">n-us-nb</subfield></datafield><datafield ind1="0" ind2="0" tag="245"><subfield code="a">Cuming County advertiser</subfield><subfield code="h">[microform].</subfield></datafield><datafield ind1=" " ind2=" " tag="260"><subfield code="a">West Point, Neb. :</subfield><subfield code="b">M.O. Gentzke,</subfield><subfield code="c">1889-1900.</subfield></datafield><datafield ind1=" " ind2=" " tag="300"><subfield code="a">12 v.</subfield></datafield><datafield ind1=" " ind2=" " tag="310"><subfield code="a">Weekly</subfield></datafield><datafield ind1="0" ind2=" " tag="362"><subfield code="a">Vol. 1, no. 1 (Apr. 24, 1889)-12th year, no. 33 (Nov. 27, 1900).</subfield></datafield><datafield ind1=" " ind2=" " tag="580"><subfield code="a">Merged with: West Point Republican, to form: West Point Republican and Cuming County advertiser.</subfield></datafield><datafield ind1=" " ind2=" " tag="533"><subfield code="a">Microfilm.</subfield><subfield code="b">Wooster, Ohio :</subfield><subfield code="c">Bell &amp; Howell.</subfield><subfield code="e">4 microfilm reels ; 35 mm.</subfield></datafield><datafield ind1=" " ind2="0" tag="651"><subfield code="a">West Point (Neb.)</subfield><subfield code="v">Newspapers.</subfield></datafield><datafield ind1=" " ind2="0" tag="651"><subfield code="a">Cuming County (Neb.)</subfield><subfield code="v">Newspapers.</subfield></datafield><datafield ind1=" " ind2="7" tag="655"><subfield code="a">Newspapers.</subfield><subfield code="2">fast</subfield><subfield code="0">(OCoLC)fst01423814</subfield></datafield><datafield ind1=" " ind2="7" tag="651"><subfield code="a">Nebraska</subfield><subfield code="z">Cuming County.</subfield><subfield code="2">fast</subfield><subfield code="0">(OCoLC)fst01224243</subfield></datafield><datafield ind1=" " ind2="7" tag="651"><subfield code="a">Nebraska</subfield><subfield code="z">West Point.</subfield><subfield code="2">fast</subfield><subfield code="0">(OCoLC)fst01235686</subfield></datafield><datafield ind1=" " ind2=" " tag="752"><subfield code="a">United States</subfield><subfield code="b">Nebraska</subfield><subfield code="c">Cuming</subfield><subfield code="d">West Point.</subfield></datafield><datafield ind1="1" ind2="7" tag="785"><subfield code="t">West Point Republican</subfield><subfield code="w">(DLC)sn 94056346</subfield></datafield><datafield ind1="1" ind2="7" tag="785"><subfield code="t">West Point Republican and Cuming County advertiser</subfield><subfield code="w">(DLC)sn 94056348</subfield></datafield></record>